<record><leader>00000cas a22000007a 4500</leader><controlfield tag="001">18506489</controlfield><controlfield tag="008">880920c19369999txudr ne      0    0eng d</controlfield><controlfield tag="009">6576</controlfield><datafield ind1=" " ind2=" " tag="010"><subfield code="a">sn 88084257 </subfield></datafield><datafield ind1=" " ind2=" " tag="040"><subfield code="a">PPM</subfield><subfield code="b">eng</subfield><subfield code="c">PPM</subfield></datafield><datafield ind1=" " ind2=" " tag="042"><subfield code="a">msc</subfield></datafield><datafield ind1="0" ind2="4" tag="245"><subfield code="a">The Tyler courier-times.</subfield></datafield><datafield ind1="0" ind2="0" tag="246"><subfield code="a">Tyler courier times</subfield></datafield><datafield ind1="0" ind2="0" tag="246"><subfield code="a">Sunday courier-times-telegraph</subfield></datafield><datafield ind1="0" ind2="0" tag="246"><subfield code="a">Tyler courier-times-telegraph</subfield></datafield><datafield ind1=" " ind2=" " tag="260"><subfield code="a">Tyler, Tex. :</subfield><subfield code="b">T.B. Butler Pub. Co.,</subfield><subfield code="c">1936-</subfield></datafield><datafield ind1=" " ind2=" " tag="310"><subfield code="a">Daily</subfield></datafield><datafield ind1="0" ind2=" " tag="362"><subfield code="a">Vol. 58, no. [?] (Mar. 3, 1936)-</subfield></datafield><datafield ind1=" " ind2=" " tag="500"><subfield code="a">Sunday paper: Sunday courier-times-telegraph (Mar. 3, 1936-May 21, 1950); Tyler courier-times-telegraph (May 28, 1950-</subfield></datafield><datafield ind1=" " ind2=" " tag="752"><subfield code="a">United States</subfield><subfield code="b">Texas</subfield><subfield code="c">Smith</subfield><subfield code="d">Tyler.</subfield></datafield><datafield ind1="0" ind2=" " tag="775"><subfield code="t">Tyler morning telegraph</subfield><subfield code="w">(DLC)sn 86089220</subfield></datafield><datafield ind1="0" ind2="0" tag="780"><subfield code="t">Tyler daily courier-times</subfield><subfield code="w">(DLC)sn 86090378</subfield></datafield></record>